@techreport{OECD2007,
author = {OECD},
title = {{Bribery in Public Procurement -- Methods, actors and counter-measures}},
url = {https://www.oecd.org/daf/anti-bribery/anti-briberyconvention/44956834.pdf},
year={2007}
}


@article{AbrantesMetz2006,
author = {Abrantes-Metz, Rosa M. and Froeb, Luke M. and Geweke, John and Taylor, Christopher T.},
issn = {01677187},
journal = {International Journal of Industrial Organization},
number = {3},
pages = {467--486},
title = {{A variance screen for collusion}},
volume = {24},
year = {2006}
}

@book{Lantz2013,
archivePrefix = {arXiv},
arxivId = {arXiv:1011.1669v3},
author = {Lantz, Brett},
doi = {10.1017/CBO9781107415324.004},
edition = {2},
eprint = {arXiv:1011.1669v3},
isbn = {1782162151},
issn = {1098-6596},
pages = {396},
pmid = {25246403},
publisher = {Packt Publishing},
title = {{Machine Learning with R}},
year = {2013}
}


@book{Han2006,
author = {Han, Jiawei and Kamber, Micheline},
doi = {10.1007/978-3-642-19721-5},
edition = {2},
isbn = {978-3-642-19720-8},
issn = {0163-5808},
pages = {743},
pmid = {63401845},
publisher = {Elsevier},
title = {{Data Mining: Concepts and Techmiques}},
volume = {12},
year = {2006}
}


@article{VonBlanckenburg2012a,
author = {von Blanckenburg, Korbinian and Geist, Alexander and Kholodilin, Konstantin A.},
doi = {10.1111/j.1468-0475.2011.00558.x},
issn = {14656485},
journal = {German Economic Review},
keywords = {Cartel detection,Collusion,Competition policy},
number = {3},
pages = {245--256},
title = {{The Influence of Collusion on Price Changes: New Evidence from Major Cartel Cases}},
volume = {13},
year = {2012}
}



@article{Huschelrath2008,
author = {H{\"{u}}schelrath, Kai and Veith, Tobias},
doi = {10.1002/mde},
isbn = {1099-1468},
issn = {1099-1468},
journal = {Managerial and Decision Economics},
number = {1},
pages = {404--422},
pmid = {31216072},
title = {{Cartel Detection in Procurement Markets}},
volume = {35},
year = {2008}
}

